@Article{tfidf,
author = {Karen Sparck Jones},
title = {A statistical interpretation of term specificity
and its application in retrieval},
journal = {Journal of Documentation},
volume = {28},
number = {1},
pages = {11--21},
year = {1972}
}

@Article{robertson1993okapi,
  title={Okapi at TREC-2.},
  author={Robertson, Stephen E and Walker, Steve and Jones, Susan and Hancock-Beaulieu, Micheline and Gatford, Mike},
  booktitle={TREC},
  pages={21--34},
  year={1993}
}